<?xml version="1.0" encoding="UTF-8" ?>
<record Numero="13923285" format="InterXMarc_Complet" type="Authority">
<leader>00796c0 au22000272  45  <Pos Code="0004">00796</Pos>
<Pos Code="05" Sens="notice modifiée">c</Pos>
<Pos Code="06" Sens="notice validée par les services d&apos;autorité">0</Pos>
<Pos Code="08" Sens="notice d&apos;autorité">a</Pos>
<Pos Code="09" Sens="titre uniforme musical (TUM)">u</Pos>
<Pos Code="10">2</Pos>
<Pos Code="11">2</Pos>
<Pos Code="1216">00027</Pos>
<Pos Code="17" Sens="autres cas">2</Pos>
<Pos Code="20">4</Pos>
<Pos Code="21">5</Pos>
</leader>
<controlfield tag="001">FRBNF139232850<Pos Code="0001">FR</Pos>
<Pos Code="0204">BNF</Pos>
<Pos Code="0512">13923285</Pos>
<Pos Code="13">0</Pos>
</controlfield>
<controlfield tag="008">891227100906yyfre nat       183006  ? 183008                 1   <Pos Code="0001">89</Pos>
<Pos Code="0203">12</Pos>
<Pos Code="0405">27</Pos>
<Pos Code="0607">10</Pos>
<Pos Code="0809">09</Pos>
<Pos Code="1011">06</Pos>
<Pos Code="1213" Sens="ne s&apos;applique pas">yy</Pos>
<Pos Code="1416" Sens="français">fre</Pos>
<Pos Code="1820" Sens="hymne national">nat</Pos>
<Pos Code="2831">1830</Pos>
<Pos Code="3233">06</Pos>
<Pos Code="36" Sens="Date incertaine">?</Pos>
<Pos Code="3841">1830</Pos>
<Pos Code="4243">08</Pos>
<Pos Code="61" Sens="La vedette peut être liée à une notice bibliographique sauf pour l&apos;accès matière RAMEAU">1</Pos>
</controlfield>
<datafield tag="048" ind1=" " ind2=" ">
	<subfield code="a">cc01<Pos Code="0001" Sens="choeurs - voix d&apos;hommes">cc</Pos>
<Pos Code="02">0</Pos>
<Pos Code="03">1</Pos>
</subfield>
	<subfield code="a">cn01<Pos Code="0001" Sens="choeurs - non spécifié">cn</Pos>
<Pos Code="02">0</Pos>
<Pos Code="03">1</Pos>
</subfield>
	<subfield code="a">oa01<Pos Code="0001" Sens="orchestre - orchestre symphonique XIXe-XXe s.">oa</Pos>
<Pos Code="02">0</Pos>
<Pos Code="03">1</Pos>
</subfield>
</datafield>
<datafield tag="100" ind1=" " ind2=" ">
	<subfield code="3">13891412</subfield>
	<subfield code="w">.0..b.....</subfield>
	<subfield code="a">Berlioz</subfield>
	<subfield code="m">Hector</subfield>
	<subfield code="d">1803-1869</subfield>
</datafield>
<datafield tag="144" ind1="1" ind2=" ">
	<subfield code="w">....b.fre.</subfield>
	<subfield code="a">Hymne des Marseillais</subfield>
	<subfield code="k">H 51A</subfield>
</datafield>
<datafield tag="301" ind1=" " ind2=" ">
	<subfield code="3">14843907</subfield>
	<subfield code="a">Berlioz</subfield>
	<subfield code="m">Hector</subfield>
	<subfield code="d">1803-1869</subfield>
	<subfield code="t">[Hymne des Marseillais. H 51B]</subfield>
</datafield>
<datafield tag="301" ind1="1" ind2=" ">
	<subfield code="3">11938165</subfield>
	<subfield code="a">Rouget de Lisle</subfield>
	<subfield code="m">Claude Joseph</subfield>
	<subfield code="d">1760-1836</subfield>
	<subfield code="t" Barre="4">[La Marseillaise]</subfield>
</datafield>
<datafield tag="444" ind1="1" ind2=" ">
	<subfield code="w">....b.fre.</subfield>
	<subfield code="a" Barre="3">La Marseillaise</subfield>
	<subfield code="k">H 51A</subfield>
</datafield>
<datafield tag="600" ind1=" " ind2=" ">
	<subfield code="a">Arrangement de l&apos;hymne de Claude Joseph Rouget de Lisle</subfield>
	<subfield code="a">Dédicace à Rouget de Lisle</subfield>
	<subfield code="a">Dates de composition : ca juin-août 1830</subfield>
	<subfield code="a">1re éd. : Paris : M. Schlesinger, [1830]</subfield>
</datafield>
<datafield tag="600" ind1=" " ind2=" ">
	<subfield code="a">Existe dans une seconde version pour ténor, choeur et piano (H 51B)</subfield>
</datafield>
<datafield tag="610" ind1=" " ind2=" ">
	<subfield code="a">Holoman, Berlioz</subfield>
</datafield>
<datafield tag="917" ind1=" " ind2=" ">
	<subfield code="o">OPC</subfield>
	<subfield code="a">100535710</subfield>
</datafield>
<datafield tag="917" ind1=" " ind2=" ">
	<subfield code="o">OPD</subfield>
	<subfield code="a">100733950</subfield>
	<subfield code="b">ATUM</subfield>
</datafield>
<datafield tag="996" ind1=" " ind2=" ">
	<subfield code="o">OPP</subfield>
	<subfield code="a">14843906</subfield>
	<subfield code="d">20060505</subfield>
</datafield>
<Attr Nom="IDPerenne">ark:/12148/cb139232851</Attr>
<Attr Nom="NumSource">OPC 100535710</Attr>
<Attr Nom="Source" Sens="BnF catalogue général (depuis 1999)">A</Attr>
<Attr Nom="NumAutoriteLiee">138914121484390711938165</Attr>
<Attr Nom="DateCreation">27/12/ 1989</Attr>
<Attr Nom="ResponsableCreation">MIGV2</Attr>
<Attr Nom="StructCreation">1</Attr>
<Attr Nom="DateDerniereValidation">08/11/ 2010</Attr>
<Attr Nom="ResponsableDerniereValidation">MIGV4</Attr>
<Attr Nom="StructPremiereValidation">1</Attr>
<Attr Nom="DatePremiereValidation">27/12/ 1989</Attr>
<Attr Nom="ResponsablePremiereValidation">MIGV2</Attr>
<Attr Nom="StructDerniereValidation">1</Attr>
<Attr Nom="NumSource" Rep="1">OPD 100733950</Attr>
<Attr Nom="NumSource" Rep="2">OPP 14843906</Attr>
</record>
